@article{Allen2018,
   author = {Alina M. Allen and Terry M. Therneau and Joseph J. Larson and
         Alexandra Coward and Virend K. Somers and Patrick S. Kamath},
   title = {Nonalcoholic Fatty Liver Disease Incidence and Impact on Metabolic
            Burden and Death: A 20 Year Community Study},
   year = 2018,
   journal={Hepatology}, volume=67, pages={1726--1736}
   }

@article{Tapper2018,
    author = {Elliot B. Tapper and Rohit Loomba},
    title = {Nonalcoholic Fatty Liver Disease, Metabolic Syndrome, and the Fight
             That Will Define Clinical Practice for a Generation of 
             Hepatologists},
    year = 2018,
   journal={Hepatology}, volume=67, pages={1657--1659}
   }
  
@article{Rocca2012,
   author = {Rocca, W. A. and Yawn, B. P. and St Sauver, J.L. and
             Grossardt, B.R. and L. J. Melton III.},
   title = {History of the Rochester Epidemiology Project: half a century 
         of medical records linkage in a {US} population},
   journal= {Mayo Clinic Proc}, year= 2012,
   volume=87, pages ={1202--1213}
   }

@article{Sauver2012,
   author = {St Sauver, J. L. and Grossardt, B. R. and Yawn, B. P. and
    L. J. Melton III and J. J.  Pankratz and Brue S. M. and Rocca, W. A.},
   title = { Data resource profile: the {R}ochester {E}pidemiology {P}roject 
    {(REP)} medical records-linkage system},
   journal = {Int J Epidemiol}, 
   year={2012}, volume=41, pages={1614--1624}
   }
